<record><leader>00000cas a22000007a 4500</leader><controlfield tag="001">24032407</controlfield><controlfield tag="008">910705c19919999hiuwr ne      0   a0eng d</controlfield><datafield ind1=" " ind2=" " tag="010"><subfield code="a">sn 91003236 </subfield></datafield><datafield ind1=" " ind2=" " tag="040"><subfield code="a">NSD</subfield><subfield code="b">eng</subfield><subfield code="c">NSD</subfield><subfield code="d">HWN</subfield><subfield code="d">NSD</subfield><subfield code="d">OCLCQ</subfield><subfield code="d">OCLCF</subfield><subfield code="d">OCLCO</subfield></datafield><datafield ind1=" " ind2=" " tag="012"><subfield code="k">1</subfield><subfield code="l">1</subfield></datafield><datafield ind1="1" ind2=" " tag="022"><subfield code="a">1057-414X</subfield><subfield code="l">1057-414X</subfield><subfield code="2">1</subfield></datafield><datafield ind1="1" ind2=" " tag="029"><subfield code="a">AU@</subfield><subfield code="b">000025860254</subfield></datafield><datafield ind1=" " ind2=" " tag="037"><subfield code="b">Honolulu Weekly, 1200 College Walk, Ste. 212, Honolulu, HI 96817</subfield></datafield><datafield ind1=" " ind2=" " tag="042"><subfield code="a">nsdp</subfield><subfield code="a">msc</subfield></datafield><datafield ind1=" " ind2=" " tag="043"><subfield code="a">n-us-hi</subfield></datafield><datafield ind1=" " ind2="0" tag="222"><subfield code="a">Honolulu weekly</subfield></datafield><datafield ind1="0" ind2="0" tag="245"><subfield code="a">Honolulu weekly.</subfield></datafield><datafield ind1=" " ind2=" " tag="260"><subfield code="a">Honolulu, HI :</subfield><subfield code="b">Honolulu Weekly,</subfield><subfield code="c">c1991-</subfield></datafield><datafield ind1=" " ind2=" " tag="300"><subfield code="a">v. :</subfield><subfield code="b">ill. ;</subfield><subfield code="c">41 cm.</subfield></datafield><datafield ind1=" " ind2=" " tag="310"><subfield code="a">Weekly</subfield></datafield><datafield ind1="0" ind2=" " tag="362"><subfield code="a">Vol. 1, issue 1 (July 17, 1991)-</subfield></datafield><datafield ind1=" " ind2=" " tag="500"><subfield code="a">Editor: L.V. Carlson.</subfield></datafield><datafield ind1=" " ind2=" " tag="515"><subfield code="a">Issue for July 17, 1991, preceded by a sample issue called v. 1, no. 1, dated Nov. 1990.</subfield></datafield><datafield ind1=" " ind2="0" tag="651"><subfield code="a">Honolulu (Hawaii)</subfield><subfield code="v">Newspapers.</subfield></datafield><datafield ind1=" " ind2="7" tag="655"><subfield code="a">Newspapers.</subfield><subfield code="2">fast</subfield><subfield code="0">(OCoLC)fst01423814</subfield></datafield><datafield ind1=" " ind2="7" tag="651"><subfield code="a">Hawaii</subfield><subfield code="z">Honolulu.</subfield><subfield code="2">fast</subfield><subfield code="0">(OCoLC)fst01204916</subfield></datafield><datafield ind1="1" ind2=" " tag="700"><subfield code="a">Carlson, Laurie V.</subfield></datafield><datafield ind1=" " ind2=" " tag="752"><subfield code="a">United States</subfield><subfield code="b">Hawaii</subfield><subfield code="c">Honolulu</subfield><subfield code="d">Honolulu.</subfield></datafield></record>